% Encoding: UTF-8

@article{ivanov,
  title={The structure of superflat graphs},
  author={Ivanov, A},
  journal={Fundamenta Mathematicae},
  volume={143},
  number={2},
  pages={107--117},
  year={1993}
}

@article{adleradler,
  title={Nowhere dense graph classes, stability, and the independence property},
  author={Adler, Hans and Adler, Isolde},
  journal={arXiv preprint arXiv:1011.4016},
  year={2010}
}

@article{dpstable,
  title={On dp-minimality, strong dependence and weight},
  author={Onshuus, Alf and Usvyatsov, Alexander and others},
  journal={Journal of symbolic logic},
  volume={76},
  number={3},
  pages={737},
  year={2011},
  publisher={Cambridge Univ Press}
}

@article{ultraflat,
  title={Superstable graphs},
  author={Herre, Heinrich and Mekler, Alan H and Smith, Kenneth W},
  journal={Fund. Math},
  volume={118},
  number={2},
  pages={75--79},
  year={1983}
}

@article{anthony,
  title={The Vapnik-Chervonenkis dimension of a random graph},
  author={Anthony, Martin and Brightwell, Graham and Cooper, Colin},
  journal={Discrete Mathematics},
  volume={138},
  number={1},
  pages={43--56},
  year={1995},
  publisher={Elsevier}
}
@article{density,
  title={Vapnik-Chervonenkis density in some theories without the independence property, I},
  author={Aschenbrenner, Matthias and Dolich, Alf and Haskell, Deirdre and Macpherson, Dugald and Starchenko, Sergei},
  journal={Transactions of the American Mathematical Society},
  volume={368},
  number={8},
  pages={5889--5949},
  year={2016}
}

@Article{densityII,
  author    = {Aschenbrenner, Matthias and Dolich, Alf and Haskell, Deirdre and Macpherson, Dugald and Starchenko, Sergei},
  title     = {Vapnik-Chervonenkis Density in Some Theories without the Independence Property, II},
  journal   = {Notre Dame J. Formal Logic},
  year      = {2013},
  volume    = {54},
  number    = {3-4},
  pages     = {311--363},
  doi       = {10.1215/00294527-2143862},
  fjournal  = {Notre Dame Journal of Formal Logic},
  publisher = {Duke University Press},
  url       = {http://dx.doi.org/10.1215/00294527-2143862},
}
 
@Article{laskowski,
  author   = {Laskowski, Michael C.},
  title    = {A simpler axiomatization of the Shelah-Spencer almost sure theories},
  journal  = {Israel Journal of Mathematics},
  year     = {2007},
  volume   = {161},
  number   = {1},
  pages    = {157--186}, 
  issn     = {1565-8511},
  abstract = {We give an explicit AE-axiomatization of the almost sure theories of sparse random graphs G(n, n                −$\alpha$) of Shelah-Spencer. In the process we give a method of constructing extensions of graphs whose `relative dimension' is negative, but arbitrarily small. We describe the existentially closed and locally finite models of the theory and produce types of dimension zero. We offer a useful characterization of forking and generalize results about stability and the Dimensional Order Property (DOP) that were known for graphs to arbitrary relational languages.},
  doi      = {10.1007/s11856-007-0077-8},
  url      = {http://dx.doi.org/10.1007/s11856-007-0077-8},
}

@Article{reduct,
  author   = {Leenknegt, Eva},
  title    = {Reducts of $p$-adically closed fields},
  journal  = {Archive for Mathematical Logic},
  year     = {2014},
  volume   = {53},
  number   = {3},
  pages    = {285--306},
  issn     = {1432-0665},
  doi      = {10.1007/s00153-013-0366-3},
  url      = {http://dx.doi.org/10.1007/s00153-013-0366-3},
}

@incollection	{	ash8,
    			AUTHOR = {Assouad, Patrick},
			TITLE = {Observations sur les classes de Vapnik-Cervonenkis et la dimension combinatoire de Blei},
			BOOKTITLE = {Seminaire d'Analyse Harmonique, 1983--1984},
			SERIES = {Publications Math\'ematiques d'Orsay},
			VOLUME = {85-2},
			PAGES = {92--112},
			PUBLISHER = {Universit\'e de Paris-Sud, D\'epartement de Math\'ematiques, Orsay},
			YEAR = {1985},
		}


@Article{ash7,
  author    = {Assouad, Patrick},
  title     = {Densit\'e et dimension},
  journal   = {Annales de l'institut Fourier},
  year      = {1983},
  volume    = {33},
  number    = {3},
  pages     = {233--282},
  abstract  = {Une partie $\{\cal S\}$ de $2^X$ est appelée une classe de Vapnik-Cervonenkis si la croissance de la fonction $\Delta ^\{\cal S\}:r\rightarrow \{\rm Sup\} \lbrace \vert A\cap \vert \vert A\subset X,\vert A\vert = r\rbrace $ est polynomiale; ces classes se trouvent être utiles en Statistique et en Calcul des Probabilités (voir par exemple Vapnik, Cervonenkis [V.N. Vapnik, A.YA. Cervonenkis, Theor. Prob. Appl., 16 (1971), 264-280], Dudley [R.M. Dudley, Ann. of Prob., 6 (1978), 899-929]).Le présent travail est un essai de synthèse sur les classes de Vapnik-Cervonenkis. Mais il contient aussi beaucoup de résultats nouveaux, et notamment les deux résultats suivants :- une partie $\{\cal S\}$ de $2^X$ est une classe de Vapnik-Cervonenkis si et seulement si le nombre d’atomes de la tribu engendrée par $r$ membres quelconques de $\{\cal S\}$ est majoré par un polynôme en $r$ ;- si $\{\cal S\}$ est une partie de $2^X$, chaque loi de probabilité $P$ sur la tribu engendrée par $\{\cal S\}$ définit un écart $d_p:S,S^\{\prime \}\rightarrow P(S\Delta S^\{\prime \})$ sur la famille $\{\cal S\}$, et on note dim$(\{\cal S\},d_p)$ la dimension d’entropie de l’espace $(\{\cal S\},d_p)$; la famille $\{\cal S\}$ est une classe de Vapnik-Cervonenkis si et seulement si la quantité Sup$\,\overline\{\rm dim\}(\{\cal S\},d_p)$ est finie.On trouvera dans l’introduction les énoncés de plusieurs autres résultats nouveaux démontrés ici (dont certains sont indiqués sans démonstration dans ma note [P. Assouad, C.R.A.S., Paris, 292 (1981), 921-924]).},
  keywords  = {Vapnik-Chervonenkis class},
  language  = {fre},
  publisher = {Association des Annales de l'Institut Fourier},
  url       = {http://eudml.org/doc/74598},
}

@Article{sauer,
  author  = {N Sauer},
  title   = {On the density of families of sets},
  journal = {Journal of Combinatorial Theory, Series A},
  year    = {1972},
  volume  = {13},
  number  = {1},
  pages   = {145--147},
  issn    = {0097-3165},
  doi     = {http://dx.doi.org/10.1016/0097-3165(72)90019-2},
  url     = {http://www.sciencedirect.com/science/article/pii/0097316572900192},
}

@Article{shelah,
  author    = {Shelah, Saharon},
  title     = {A combinatorial problem; stability and order for models and theories in infinitary languages.},
  journal   = {Pacific J. Math.},
  year      = {1972},
  volume    = {41},
  number    = {1},
  pages     = {247--261},
  fjournal  = {Pacific Journal of Mathematics},
  publisher = {Pacific Journal of Mathematics, A Non-profit Corporation},
  url       = {http://projecteuclid.org/euclid.pjm/1102968432},
}

@Article{simon_dp_min,
  author    = {Simon, Pierre},
  title     = {On dp-minimal ordered structures},
  journal   = {J. Symbolic Logic},
  year      = {2011},
  volume    = {76},
  number    = {2},
  pages     = {448--460},
  doi       = {10.2178/jsl/1305810758},
  fjournal  = {Journal of Symbolic Logic},
  publisher = {Association for Symbolic Logic},
  url       = {http://dx.doi.org/10.2178/jsl/1305810758},
}

@Article{parigot_trees,
  author    = {Parigot, Michael},
  title     = {Th\'eories d'arbres},
  journal   = {J. Symbolic Logic},
  year      = {1982},
  volume    = {47},
  number    = {4},
  pages     = {841--853},
  fjournal  = {Journal of Symbolic Logic},
  publisher = {Association for Symbolic Logic},
  url       = {http://projecteuclid.org/euclid.jsl/1183741143},
}

@Article{stable_graphs,
  author   = {Podewski, Klaus-Peter and Ziegler, Martin},
  title    = {Stable graphs},
  journal  = {Fundamenta Mathematicae},
  year     = {1978},
  volume   = {100},
  number   = {2},
  pages    = {101--107},
  keywords = {Stable Graphs; Flat Graphs; Definable Ordering; Planar Graphs},
  language = {eng},
  url      = {http://eudml.org/doc/210953},
}

@Article{infinite_megner,
  author   = {Aharoni, Ron and Berger, Eli},
  title    = {Menger's theorem for infinite graphs},
  journal  = {Inventiones mathematicae},
  year     = {2009},
  volume   = {176},
  number   = {1},
  pages    = {1--62},
  issn     = {1432-1297},
  abstract = {We prove that Menger's theorem is valid for infinite graphs, in the following strong version: let A and B be two sets of vertices in a possibly infinite digraph. Then there exist a set                                                                           {\$}{\backslash}mathcal{\{}P{\}}{\$}                 of disjoint A--B paths, and a set S of vertices separating A from B, such that S consists of a choice of precisely one vertex from each path in                                                                           {\$}{\backslash}mathcal{\{}P{\}}{\$}                . This settles an old conjecture of Erd{\H{o}}s. },
  doi      = {10.1007/s00222-008-0157-3},
  url      = {http://dx.doi.org/10.1007/s00222-008-0157-3},
}

@article{regularity,
  title={Regularity lemma for distal structures},
  author={Chernikov, Artem and Starchenko, Sergei},
  journal={arXiv preprint arXiv:1507.01482},
  year={2015}
}

@Article{value,
  author    = {Flenner, Joseph},
  title     = {Relative decidability and definability in henselian valued fields},
  journal   = {J. Symbolic Logic},
  year      = {2011},
  volume    = {76},
  number    = {4},
  pages     = {1240--1260},
  doi       = {10.2178/jsl/1318338847},
  fjournal  = {Journal of Symbolic Logic},
  publisher = {Association for Symbolic Logic},
  url       = {http://dx.doi.org/10.2178/jsl/1318338847},
}

@Article{nowhere,
  author   = {Jaroslav Ne\v{s}et\v{r}il and Patrice Ossona de Mendez},
  title    = {On nowhere dense graphs},
  journal  = {European Journal of Combinatorics},
  year     = {2011},
  volume   = {32},
  number   = {4},
  pages    = {600--617},
  issn     = {0195-6698},
  abstract = {In this paper, we define and analyze the nowhere dense classes of graphs. This notion is a common generalization of proper minor closed classes, classes of graphs with bounded degree, locally planar graphs, classes with bounded expansion, to name just a few classes which are studied extensively in combinatorial and computer science contexts. In this paper, we show that this concept leads to a classification of general classes of graphs and to the dichotomy between nowhere dense and somewhere dense classes. This classification is surprisingly stable as it can be expressed in terms of the most commonly used basic combinatorial parameters, such as the independence number α , the clique number ω , and the chromatic number χ . The remarkable stability of this notion and its robustness has a number of applications to mathematical logic, complexity of algorithms, and combinatorics. We also express the nowhere dense versus somewhere dense dichotomy in terms of edge densities as a trichotomy theorem. },
  doi      = {https://doi.org/10.1016/j.ejc.2011.01.006},
  url      = {http://www.sciencedirect.com/science/article/pii/S0195669811000151},
}

@Article{shelah_dp,
  author  = {Shelah, Saharon},
  title   = {Strongly dependent theories},
  journal = {Israel J. Math.},
  year      = {2014},
  volume    = {204},
  number    = {1},
  pages     = {1--83},
}

@Article{spencer,
  author    = {Shelah, Saharon and Spencer, Joel},
  title     = {Zero-one laws for sparse random graphs},
  journal   = {Journal of the American Mathematical Society},
  year      = {1988},
  volume    = {1},
  number    = {1},
  pages     = {97--115},
  publisher = {JSTOR},
}



@Article{guingona,
  author  = {Guingona, Vincent and Hill, Cameron Donnay},
  title   = {Local dp-rank and VC-density over indiscernible sequences},
  journal = {MLQ Math. Log. Q.},
  year      = {2014},
  volume    = {60},
  number    = {1-2},
  pages     = {59--65},
}



@Article{dp_add,
  author      = {Itay Kaplan and Alf Onshuus and Alexander Usvyatsov},
  title       = {Additivity of the dp-rank},
  journal = {Trans. Amer. Math. Soc.},
  year      = {2013},
  volume    = {365},
  number    = {11},
  pages     = {5783--5804},
}

@book{tent,
  title={A Course in Model Theory},
  author={Tent, K. and Ziegler, M.},
  isbn={9780521763240},
  lccn={2012418313},
  series={Lecture Notes in Logic},
  url={https://books.google.com/books?id=D9sClsdErEsC},
  year={2012},
  publisher={Cambridge University Press}
}

@book{pillay,
  title={An Introduction to Stability Theory},
  author={Pillay, A.},
  isbn={9780486150437},
  series={Dover Books on Mathematics},
  url={https://books.google.com/books?id=\_8X4YTQi7\_UC},
  year={2013},
  publisher={Dover Publications}
}

@article{shelah_nip,
title = "Stability, the f.c.p., and superstability; model theoretic properties of formulas in first order theory",
journal = "Annals of Mathematical Logic",
volume = "3",
number = "3",
pages = "271--362",
year = "1971",
note = "",
issn = "0003-4843",
doi = "http://dx.doi.org/10.1016/0003-4843(71)90015-5",
url = "http://www.sciencedirect.com/science/article/pii/0003484371900155",
author = "Saharon Shelah",
}

@article {laskowski92,
author = {Laskowski, Michael C.},
title = {Vapnik-Chervonenkis Classes of Definable Sets},
journal = {Journal of the London Mathematical Society},
volume = {45},
number = {2},
publisher = {Oxford University Press},
issn = {1469-7750},
url = {http://dx.doi.org/10.1112/jlms/s2-45.2.377},
doi = {10.1112/jlms/s2-45.2.377},
pages = {377--384},
year = {1992},
}


@article{vc71,
author = {V. N. Vapnik and A. Ya. Chervonenkis},
title = {On the Uniform Convergence of Relative Frequencies of Events to Their Probabilities},
journal = {Theor. Probability Appl.},
volume = {16},
number = {2},
pages = {264--280},
year = {1971},
}

@article{hensel,
author = {Hensel, Kurt},
title = {{\"U}ber eine neue Begr{\"u}ndung der Theorie der algebraischen Zahlen},
journal = {Jahresbericht der Deutschen Mathematiker-Vereinigung},
volume = {6},
number = {3},
pages = {83--88},
year = {1897},
}

@article{den84,
author = {Denef, J.},
journal = {Inventiones mathematicae},
pages = {1--24},
title = {The rationality of the Poincar{\'e} series associated to the $p$-adic points on a variety},
url = {http://eudml.org/doc/143136},
volume = {77},
year = {1984},
}

@article{karp97,
title = "Polynomial Bounds for VC Dimension of Sigmoidal and General Pfaffian Neural Networks",
journal = "Journal of Computer and System Sciences",
volume = "54",
number = "1",
pages = "169--176",
year = "1997",
note = "",
issn = "0022-0000",
doi = "http://dx.doi.org/10.1006/jcss.1997.1477",
url = "http://www.sciencedirect.com/science/article/pii/S002200009791477X",
author = "Marek Karpinski and Angus Macintyre",
}

@article{ak1,
  title={Diophantine problems over local fields I},
  author={Ax, James and Kochen, Simon},
  journal={American Journal of Mathematics},
  volume={87},
  number={3},
  pages={605--630},
  year={1965},
  publisher={JSTOR}
}

@article{er1,
  title={On the elementary theory of maximal valued fields I},
  author={Ershov, Yu. L.},
  journal={Algebra i Logika},
  volume={4},
  number={3},
  pages={31--70},
  year={1965},
  publisher={JSTOR}
}

@article{baldwin,
  title={Randomness and semigenericity},
  author={Baldwin, John and Shelah, Saharon},
  journal={Transactions of the American Mathematical Society},
  volume={349},
  number={4},
  pages={1359--1376},
  year={1997}
}

@article{shi,
  title={Stable generic structures},
  author={Baldwin, John T and Shi, Niandong},
  journal={Annals of Pure and Applied Logic},
  volume={79},
  number={1},
  pages={1--35},
  year={1996},
  publisher={Elsevier}
}

@article{mac76,
  title={On definable sets of $p$-adic numbers},
  author={Macintyre, A},
  journal={J. Symb. Logic},
  volume={41},
  number={3},
  pages={605--610},
  year={1976}
}

@article{rational,
  title={On rational limits of Shelah--Spencer graphs},
  author={Brody, Justin and Laskowski, Michael C},
  journal={The Journal of Symbolic Logic},
  volume={77},
  number={02},
  pages={580--592},
  year={2012},
  publisher={Cambridge Univ Press}
}
@Comment{jabref-meta: databaseType:bibtex;}
