%	Update 4-28-2015
%	Citations taken from MathSciNet or improvised
%	Naming conventions from MathSciNet are not consistent, change all first names to first initials?

@article 	{	Boz99,
    			AUTHOR = {Bo{\.z}ejko, Marek},
     			TITLE = {Ultracontractivity and strong {S}obolev inequality for {$q$}-{O}rnstein-{U}hlenbeck semigroup {$(-1<q<1)$}},
   			JOURNAL = {Infin. Dimens. Anal. Quantum Probab. Relat. Top.},
  			FJOURNAL = {Infinite Dimensional Analysis, Quantum Probability and Related Topics},
    			VOLUME = {2},
      			YEAR = {1999},
    			NUMBER = {2},
     			PAGES = {203--220},
      			ISSN = {0219-0257},
   			MRCLASS = {47D03 (81S25)},
   			MRNUMBER = {1811255 (2002d:47058)},
			MRREVIEWER = {Anna M. Paganoni},
       			DOI = {10.1142/S0219025799000114},
       			URL = {http://dx.doi.org/10.1142/S0219025799000114},
		}


@article 	{	BS91,
    			AUTHOR = {Bo{\.z}ejko, Marek and Speicher, Roland},
     			TITLE = {An example of a generalized {B}rownian motion},
   			JOURNAL = {Comm. Math. Phys.},
  			FJOURNAL = {Communications in Mathematical Physics},
    			VOLUME = {137},
      			YEAR = {1991},
    			NUMBER = {3},
     			PAGES = {519--531},
      			ISSN = {0010-3616},
     			CODEN = {CMPHAY},
   			MRCLASS = {46L50 (81S25)},
  			MRNUMBER = {1105428 (92m:46096)},
			MRREVIEWER = {Robin Hudson},
      			URL = {http://projecteuclid.org/euclid.cmp/1104202738},
		}


@article 	{	Bre91,
    			AUTHOR = {Brenier, Yann},
     			TITLE = {Polar factorization and monotone rearrangement of vector-valued functions},
   			JOURNAL = {Comm. Pure Appl. Math.},
  			FJOURNAL = {Communications on Pure and Applied Mathematics},
    			VOLUME = {44},
      			YEAR = {1991},
    			NUMBER = {4},
     			PAGES = {375--417},
      			ISSN = {0010-3640},
     			CODEN = {CPAMA},
   			MRCLASS = {46E40 (35Q99 46E99 49Q99)},
  			MRNUMBER = {1100809 (92d:46088)},
			MRREVIEWER = {Robert McOwen},
       			DOI = {10.1002/cpa.3160440402},
       			URL = {http://dx.doi.org/10.1002/cpa.3160440402},
		}


@article 	{	Con73,
    			AUTHOR = {Connes, Alain},
     			TITLE = {Une classification des facteurs de type {${\mathrm{III}}$}},
   			JOURNAL = {Ann. Sci. \'Ecole Norm. Sup. (4)},
  			FJOURNAL = {Annales Scientifiques de l'\'Ecole Normale Sup\'erieure. Quatri\`eme S\'erie},
    			VOLUME = {6},
      			YEAR = {1973},
     			PAGES = {133--252},
      			ISSN = {0012-9593},
   			MRCLASS = {46L10},
  			MRNUMBER = {0341115 (49 \#5865)},
			MRREVIEWER = {E. Stormer},
		}


@article 	{	Con74,
    			AUTHOR = {Connes, A.},
    			TITLE = {Almost periodic states and factors of type {${\mathrm{III}}_{1}$}},
  			JOURNAL = {J. Functional Analysis},
    			VOLUME = {16},
      			YEAR = {1974},
     			PAGES = {415--445},
   			MRCLASS = {46L10},
  			MRNUMBER = {0358374 (50 \#10840)},
			MRREVIEWER = {E. Stormer},
		}
		

@article 	{	CS05,
    			AUTHOR = {Connes, Alain and Shlyakhtenko, Dimitri},
     			TITLE = {{$L^2$}-homology for von {N}eumann algebras},
   			JOURNAL = {J. Reine Angew. Math.},
  			FJOURNAL = {Journal f\"ur die Reine und Angewandte Mathematik},
    			VOLUME = {586},
      			YEAR = {2005},
     			PAGES = {125--168},
      			ISSN = {0075-4102},
     			CODEN = {JRMAA8},
  			MRCLASS = {46L10},
  			MRNUMBER = {2180603 (2007b:46104)},
			MRREVIEWER = {Dan Virgil Voiculescu},
       			DOI = {10.1515/crll.2005.2005.586.125},
       			URL = {http://dx.doi.org/10.1515/crll.2005.2005.586.125},
		}


@article 	{	Dab10,
    			AUTHOR = {Dabrowski, Yoann},
     			TITLE = {A note about proving non-{$\Gamma$} under a finite non-microstates free {F}isher information assumption},
   			JOURNAL = {J. Funct. Anal.},
  			FJOURNAL = {Journal of Functional Analysis},
    			VOLUME = {258},
      			YEAR = {2010},
    			NUMBER = {11},
     			PAGES = {3662--3674},
      			ISSN = {0022-1236},
     			CODEN = {JFUAAW},
   			MRCLASS = {46L54 (46L53 46L57 62B10)},
  			MRNUMBER = {2606868 (2011d:46135)},
			MRREVIEWER = {Stephen R. Curran},
       			DOI = {10.1016/j.jfa.2010.02.010},
       			URL = {http://dx.doi.org/10.1016/j.jfa.2010.02.010},
		}


@article	{	Dab14,
			AUTHOR = {Dabrowski, Yoann},
			TITLE = {A free stochastic partial differential equation},
			JOURNAL = {Ann. Inst. Henri Poincar\'e Probab. Stat.},
			FJOURNAL = {Annales de l'Institut Henri Poincar\'e Probabilit\'es et Statistiques},
			VOLUME = {50},
			YEAR = {2014},
			NUMBER = {4},
			PAGES = {1404--1455},
			ISSN = {0246-0203},
			MRCLASS = {46L54 (60H15)},
			MRNUMBER = {3270000},
			DOI = {10.1214/13-AIHP548},
			URL = {http://dx.doi.org/10.1214/13-AIHP548},
		}


@incollection	{	GJS10,
    			AUTHOR = {Guionnet, A. and Jones, V. F. R. and Shlyakhtenko, D.},
			TITLE = {Random matrices, free probability, planar algebras and subfactors},
			BOOKTITLE = {Quanta of maths},
			SERIES = {Clay Math. Proc.},
			VOLUME = {11},
			PAGES = {201--239},
			PUBLISHER = {Amer. Math. Soc., Providence, RI},
			YEAR = {2010},
			MRCLASS = {46L37 (15B52 46L54)},
			MRNUMBER = {2732052 (2012g:46094)},
			MRREVIEWER = {Beno\^ {\i}t Collins},
		}


@article	{	GJS12,
			AUTHOR = {Guionnet, A. and Jones, V. F. R. and Shlyakhtenko, D. and Zinn-Justin, P.},
			TITLE = {Loop models, random matrices and planar algebras},
			JOURNAL = {Comm. Math. Phys.},
			FJOURNAL = {Communications in Mathematical Physics},
			VOLUME = {316},
			YEAR = {2012},
			NUMBER = {1},
			PAGES = {45--97},
			ISSN = {0010-3616},
			CODEN = {CMPHAY},
			MRCLASS = {82B20 (46L53 60B20 82B41)},
			MRNUMBER = {2989453},
			MRREVIEWER = {Aernout C. D. van Enter},
			DOI = {10.1007/s00220-012-1573-1},
			URL = {http://dx.doi.org/10.1007/s00220-012-1573-1},
		}



@article 	{	GM06,
    			AUTHOR = {Guionnet, Alice and Maurel-Segala, Edouard},
     			TITLE = {Combinatorial aspects of matrix models},
   			JOURNAL = {ALEA Lat. Am. J. Probab. Math. Stat.},
 			FJOURNAL = {ALEA. Latin American Journal of Probability and Mathematical Statistics},
   			VOLUME = {1},
      			YEAR = {2006},
     			PAGES = {241--279},
      			ISSN = {1980-0436},
   			MRCLASS = {05C30 (15A52 46N50 82B41 82B44)},
  			MRNUMBER = {2249657 (2007g:05087)},
			MRREVIEWER = {Pavel T. Stoynov},
		}


@article	{	GS14,
			AUTHOR = {Guionnet, A. and Shlyakhtenko, D.},
			TITLE = {Free monotone transport},
			JOURNAL = {Invent. Math.},
			FJOURNAL = {Inventiones Mathematicae},
			VOLUME = {197},
			YEAR = {2014},
			NUMBER = {3},
			PAGES = {613--661},
			ISSN = {0020-9910},
			MRCLASS = {46L54 (60B20)},
			MRNUMBER = {3251831},
			DOI = {10.1007/s00222-013-0493-9},
			URL = {http://dx.doi.org/10.1007/s00222-013-0493-9},
		}


@mics		{	HP14,
			AUTHOR = {Hartglass, M. and Penneys, D.},
			TITLE = {{$C^*$}-algebras from planar algebras {$\mathrm I$}: canonical {$C^*$}-algebras associated to a planar algebra},
			YEAR = {2014},
			HOWPUBLISHED = {\texttt{arXiv:1401.2485}},
		}


@incollection {	Hia03,
   		 	AUTHOR = {Hiai, Fumio},
     			TITLE = {{$q$}-deformed {A}raki-{W}oods algebras},
 			BOOKTITLE = {Operator algebras and mathematical physics ({C}onstan\c ta, 2001)},
     			PAGES = {169--202},
 			PUBLISHER = {Theta, Bucharest},
      			YEAR = {2003},
   			MRCLASS = {46L54 (46L35 46L65 81S05)},
  			MRNUMBER = {2018229 (2004j:46086)},
			MRREVIEWER = {Daniil P. Proskurin},
		}


@article	{	Jon83,
			AUTHOR = {Jones, V. F. R.},
			TITLE = {Index for subfactors},
			JOURNAL = {Invent. Math.},
			FJOURNAL = {Inventiones Mathematicae},
			VOLUME = {72},
			YEAR = {1983},
			NUMBER = {1},
			PAGES = {1--25},
			ISSN = {0020-9910},
			CODEN = {INVMBH},
			MRCLASS = {46L35 (10D07)},
			MRNUMBER = {696688 (84d:46097)},
			MRREVIEWER = {Yasuo Watatani},
			DOI = {10.1007/BF01389127},
			URL = {http://dx.doi.org/10.1007/BF01389127},
		}
		
		
@unpublished	{	Jon99,
			AUTHOR = {Jones, V. F. R.},
			TITLE = {Planar algebras},
			YEAR = {1999},
		}
		
		
@incollection	{	Jon00,
			AUTHOR = {Jones, Vaughan F. R.},
			TITLE = {The planar algebra of a bipartite graph},
			BOOKTITLE = {Knots in {H}ellas '98 ({D}elphi)},
			SERIES = {Ser. Knots Everything},
			VOLUME = {24},
			PAGES = {94--117},
			PUBLISHER = {World Sci. Publ., River Edge, NJ},
			YEAR = {2000},
			MRCLASS = {57M15},
			MRNUMBER = {1865703 (2003c:57003)},
			MRREVIEWER = {J. S. Birman},
			DOI = {10.1142/9789812792679_0008},
			URL = {http://dx.doi.org/10.1142/9789812792679_0008},
		}
		
		
@article 	{	JP11,
			AUTHOR = {Jones, Vaughan F. R. and Penneys, David},
			TITLE = {The embedding theorem for finite depth subfactor planar algebras},
			JOURNAL = {Quantum Topol.},
			FJOURNAL = {Quantum Topology},
			VOLUME = {2},
			YEAR = {2011},
			NUMBER = {3},
			PAGES = {301--337},
			ISSN = {1663-487X},
			MRCLASS = {46L37 (18D10 57M20)},
			MRNUMBER = {2812459 (2012f:46128)},
			MRREVIEWER = {Junsheng Fang},
			DOI = {10.4171/QT/23},
			URL = {http://dx.doi.org/10.4171/QT/23},
		}


@book 		{	MR92,
    			AUTHOR = {Ma, Zhi Ming and R{\"o}ckner, Michael},
     			TITLE = {Introduction to the theory of (nonsymmetric) {D}irichlet forms},
    			SERIES = {Universitext},
 			PUBLISHER = {Springer-Verlag, Berlin},
      			YEAR = {1992},
     			PAGES = {vi+209},
     			ISBN = {3-540-55848-9},
   			MRCLASS = {60J40 (31C25 60J45)},
  			MRNUMBER = {1214375 (94d:60119)},
			MRREVIEWER = {Tu Sheng Zhang},
       			DOI = {10.1007/978-3-642-77739-4},
       			URL = {http://dx.doi.org/10.1007/978-3-642-77739-4},
		}


@misc		{	MW10,
			AUTHOR = {Morrison, S. and Walker, K.},
			TITLE = {The graph planar algebra embedding theorem},
			YEAR = {2010},
			HOWPUBLISHED = {\texttt{http://tqft.net/papers/gpa.pdf}},
			URL = {http://tqft.net/papers/gpa.pdf},
		}


@article 	{	Nel15,
   			AUTHOR = {Nelson, {B}rent},
    	 		TITLE = {Free {M}onotone {T}ransport {W}ithout a {T}race},
   			JOURNAL = {Comm. Math. Phys.},
  			FJOURNAL = {Communications in Mathematical Physics},
    			VOLUME = {334},
      			YEAR = {2015},
    			NUMBER = {3},
     			PAGES = {1245--1298},
      			ISSN = {0010-3616},
   			MRCLASS = {46-XX},
  			MRNUMBER = {3312436},
       			DOI = {10.1007/s00220-014-2148-0},
       			URL = {http://dx.doi.org/10.1007/s00220-014-2148-0},
		}


@article 	{	Nel15b,
    			AUTHOR = {Nelson, Brent},
     			TITLE = {Free transport for finite depth subfactor planar algebras},
   			JOURNAL = {J. Funct. Anal.},
  			FJOURNAL = {Journal of Functional Analysis},
    			VOLUME = {268},
      			YEAR = {2015},
    			NUMBER = {9},
     			PAGES = {2586--2620},
      			ISSN = {0022-1236},
   			MRCLASS = {46-XX},
  			MRNUMBER = {3325530},
       			DOI = {10.1016/j.jfa.2014.12.018},
       			URL = {http://dx.doi.org/10.1016/j.jfa.2014.12.018},
		}


@article 	{	Pet09,
    			AUTHOR = {Peterson, Jesse},
     			TITLE = {{$L^2$}-rigidity in von {N}eumann algebras},
   			JOURNAL = {Invent. Math.},
  			FJOURNAL = {Inventiones Mathematicae},
    			VOLUME = {175},
      			YEAR = {2009},
    			NUMBER = {2},
     			PAGES = {417--433},
      			ISSN = {0020-9910},
     			CODEN = {INVMBH},
   			MRCLASS = {46L10 (46L54 46L55 46L57)},
  			MRNUMBER = {2470111 (2010b:46128)},
			MRREVIEWER = {Narutaka Ozawa},
       			DOI = {10.1007/s00222-008-0154-6},
       			URL = {http://dx.doi.org/10.1007/s00222-008-0154-6},
		}
		
		
@article 	{	Pop93,
    			AUTHOR = {Popa, Sorin},
     			TITLE = {Markov traces on universal {J}ones algebras and subfactors of finite index},
   			JOURNAL = {Invent. Math.},
  			FJOURNAL = {Inventiones Mathematicae},
    			VOLUME = {111},
      			YEAR = {1993},
    			NUMBER = {2},
     			PAGES = {375--405},
      			ISSN = {0020-9910},
     			CODEN = {INVMBH},
   			MRCLASS = {46L37 (46L35)},
  			MRNUMBER = {1198815 (94c:46128)},
			MRREVIEWER = {Marie Choda},
       			DOI = {10.1007/BF01231293},
       			URL = {http://dx.doi.org/10.1007/BF01231293},
		}


@article 	{	Pop95,
    			AUTHOR = {Popa, Sorin},
     			TITLE = {An axiomatization of the lattice of higher relative commutants of a subfactor},
   			JOURNAL = {Invent. Math.},
 			FJOURNAL = {Inventiones Mathematicae},
    			VOLUME = {120},
      			YEAR = {1995},
    			NUMBER = {3},
     			PAGES = {427--445},
      			ISSN = {0020-9910},
     			CODEN = {INVMBH},
   			MRCLASS = {46L37},
  			MRNUMBER = {1334479 (96g:46051)},
			MRREVIEWER = {Reinhard Schaflitzel},
       			DOI = {10.1007/BF01241137},
       			URL = {http://dx.doi.org/10.1007/BF01241137},
		}


@article 	{	Pop02,
    			AUTHOR = {Popa, Sorin},
     			TITLE = {Universal construction of subfactors},
   			JOURNAL = {J. Reine Angew. Math.},
  			FJOURNAL = {Journal f\"ur die Reine und Angewandte Mathematik. [Crelle's Journal]},
    			VOLUME = {543},
      			YEAR = {2002},
     			PAGES = {39--81},
      			ISSN = {0075-4102},
     			CODEN = {JRMAA8},
   			MRCLASS = {46L37 (46L09 46L10)},
  			MRNUMBER = {1887878 (2002k:46163)},
			MRREVIEWER = {Dietmar H. Bisch},
       			DOI = {10.1515/crll.2002.017},
       			URL = {http://dx.doi.org/10.1515/crll.2002.017},
}
		

@article	{	Shl97,
    			AUTHOR = {Shlyakhtenko, Dimitri},
     			TITLE = {Free quasi-free states},
   			JOURNAL = {Pacific J. Math.},
  			FJOURNAL = {Pacific Journal of Mathematics},
    			VOLUME = {177},
      			YEAR = {1997},
    			NUMBER = {2},
     			PAGES = {329--368},
      			ISSN = {0030-8730},
     			CODEN = {PJMAAI},
	   		MRCLASS = {46L50 (46L35 81S05)},
  			MRNUMBER = {1444786 (98b:46086)},
			MRREVIEWER = {Roland Speicher},
       			DOI = {10.2140/pjm.1997.177.329},
       			URL = {http://dx.doi.org/10.2140/pjm.1997.177.329},
		}


@article 	{	Shl03,
    			AUTHOR = {Shlyakhtenko, Dimitri},
     			TITLE = {Free {F}isher information for non-tracial states},
   			JOURNAL = {Pacific J. Math.},
  			FJOURNAL = {Pacific Journal of Mathematics},
    			VOLUME = {211},
      			YEAR = {2003},
    			NUMBER = {2},
     			PAGES = {375--390},
      			ISSN = {0030-8730},
     			CODEN = {PJMAAI},
   			MRCLASS = {46L54},
  			MRNUMBER = {2015742 (2005a:46139)},
			MRREVIEWER = {Michael V. Anshelevich},
       			DOI = {10.2140/pjm.2003.211.375},
       			URL = {http://dx.doi.org/10.2140/pjm.2003.211.375},
		}
		

@article 	{	Shl09,
    			AUTHOR = {Shlyakhtenko, Dimitri},
     			TITLE = {Lower estimates on microstates free entropy dimension},
   			JOURNAL = {Anal. PDE},
  			FJOURNAL = {Analysis \& PDE},
    			VOLUME = {2},
      			YEAR = {2009},
    			NUMBER = {2},
     			PAGES = {119--146},
      			ISSN = {1948-206X},
   			MRCLASS = {46L54 (46L10)},
  			MRNUMBER = {2547131 (2012a:46129)},
			MRREVIEWER = {Ion Nechita},
       			DOI = {10.2140/apde.2009.2.119},
       			URL = {http://dx.doi.org/10.2140/apde.2009.2.119},
		}


@inproceedings{	Shl10,
    			AUTHOR = {Shlyakhtenko, Dimitri},
     			TITLE = {Free probability, planar algebras, subfactors and random matrices},
 			BOOKTITLE = {Proceedings of the {I}nternational {C}ongress of {M}athematicians. {V}olume {III}},
     			PAGES = {1603--1623},
			PUBLISHER = {Hindustan Book Agency, New Delhi},
      			YEAR = {2010},
   			MRCLASS = {46L37 (15B52 46L54 60B20)},
  			MRNUMBER = {2827857 (2012g:46096)},
			MRREVIEWER = {Florent Benaych-Georges},
		}
		
		
@book 	{	Tak03,
    			AUTHOR = {Takesaki, M.},
    			TITLE = {Theory of operator algebras. {II}},
    			SERIES = {Encyclopaedia of Mathematical Sciences},
    			VOLUME = {125},
     			NOTE = {Operator Algebras and Non-commutative Geometry, 6},
			PUBLISHER = {Springer-Verlag, Berlin},
      			YEAR = {2003},
     			PAGES = {xxii+518},
      			ISBN = {3-540-42914-X},
   			MRCLASS = {46L10 (47L35 47L55)},
  			MRNUMBER = {1943006 (2004g:46079)},
			MRREVIEWER = {Robert S. Doran},
      			DOI = {10.1007/978-3-662-10451-4},
       			URL = {http://dx.doi.org/10.1007/978-3-662-10451-4},
		}


@article 	{	Voi91,
    			AUTHOR = {Voiculescu, Dan},
     			TITLE = {Limit laws for random matrices and free products},
   			JOURNAL = {Invent. Math.},
  			FJOURNAL = {Inventiones Mathematicae},
    			VOLUME = {104},
      			YEAR = {1991},
    			NUMBER = {1},
     			PAGES = {201--220},
      			ISSN = {0020-9910},
     			CODEN = {INVMBH},
   			MRCLASS = {46L50 (60F99)},
  			MRNUMBER = {1094052 (92d:46163)},
			MRREVIEWER = {Sh. A. Ayupov},
       			DOI = {10.1007/BF01245072},
       			URL = {http://dx.doi.org/10.1007/BF01245072},
		}


@article 	{	Voi94,
    			AUTHOR = {Voiculescu, Dan},
     			TITLE = {The analogues of entropy and of {F}isher's information measure in free probability theory. {V}. {N}oncommutative {H}ilbert transforms},
   			JOURNAL = {Invent. Math.},
 			FJOURNAL = {Inventiones Mathematicae},
    			VOLUME = {132},
      			YEAR = {1998},
   			NUMBER = {1},
     			PAGES = {189--227},
      			ISSN = {0020-9910},
     			CODEN = {INVMBH},
   			MRCLASS = {46L50 (46L05)},
  			MRNUMBER = {1618636 (99d:46087)},
			MRREVIEWER = {Sh. A. Ayupov},
      			DOI = {10.1007/s002220050222},
       			URL = {http://dx.doi.org/10.1007/s002220050222},
}
	
