%% This BibTeX bibliography file was created using BibDesk.
%% http://bibdesk.sourceforge.net/

%% Created for Jaclyn Lang at 2015-12-01 17:17:57 -0800 


%% Saved with string encoding Unicode (UTF-8) 



@unpublished{Zywina15b,
	Author = {Zywina, David},
	Date-Added = {2015-10-07 17:16:05 +0000},
	Date-Modified = {2015-10-07 17:16:05 +0000},
	Keywords = {image of Galois representation},
	Title = {Possible indices for the {G}alois image of elliptic curves over {$\mathbb{Q}$}},
	Year = {2015}}

@inproceedings{HidaTilouine15,
	Author = {Hida, Haruzo and Tilouine, Jacques},
	Booktitle = {Arithmetic and Geometry},
	Date-Added = {2015-10-07 17:13:20 +0000},
	Date-Modified = {2015-10-08 16:56:23 +0000},
	Editor = {Dieulefait, Luis and Faltings, Gerd and Heath-Brown, D. R. and Manin, Yu. V. and Moroz, B. Z. and Wintenberger, Jean-Pierre},
	Keywords = {Hida family, image of Galois representation},
	Pages = {217--254},
	Publisher = {Cambridge University Press},
	Title = {Big image of {G}alois representations and the congruence ideal},
	Volume = {420},
	Year = {2014}}

@article{Wiles88,
	Author = {Wiles, Andrew},
	Date-Added = {2015-10-07 16:56:18 +0000},
	Date-Modified = {2015-10-07 16:59:58 +0000},
	Journal = {Invent. Math.},
	Keywords = {Hida family},
	Number = {3},
	Pages = {529--573},
	Title = {On ordinary {$\lambda$}-adic representations associated to modular forms},
	Volume = {94},
	Year = {1988}}

@manual{SAGE,
	Address = {http://www.sagemath.org},
	Author = {W. \thinspace{}A. Stein and others},
	Date-Added = {2015-10-07 16:55:55 +0000},
	Date-Modified = {2015-10-07 16:55:55 +0000},
	Organization = {The Sage Development Team},
	Title = {{Sage} {Mathematics} {S}oftware}}

@article{MazurWiles86,
	Author = {Mazur, B and Wiles, Andrew},
	Date-Added = {2015-10-07 16:55:18 +0000},
	Date-Modified = {2015-10-07 16:55:18 +0000},
	Journal = {Compos. Math.},
	Keywords = {image of Galois representation, Hida family, Galois representation},
	Number = {2},
	Pages = {231--264},
	Title = {On {$p$}-adic analytic families of {G}alois representations},
	Volume = {59},
	Year = {1986}}

@unpublished{CIT15,
	Author = {Conti, Andrea and Iovita, Adrian and Tilouine, Jacques},
	Date-Added = {2015-10-07 16:55:07 +0000},
	Date-Modified = {2015-10-07 16:55:07 +0000},
	Month = {July},
	Title = {Big image of {G}alois representations attached to finite-slope {$p$}-adic families of modular forms},
	Year = {2015}}

@article{Manoharmayum15,
	Author = {Manoharmayum, Jayanta},
	Date-Added = {2015-10-07 16:55:01 +0000},
	Date-Modified = {2015-10-08 16:50:54 +0000},
	Journal = {Proc. Amer. Math. Soc.},
	Keywords = {SL2, image of Galois representation},
	Number = {7},
	Pages = {2743--2758},
	Title = {A structure theorem for subgroups of {$\GL_n$} over complete local {N}oetherian rings with large residual image},
	Volume = {143},
	Year = {2015}}

@unpublished{Sutherland15,
	Author = {Sutherland, Andrew},
	Date-Added = {2015-10-07 16:54:57 +0000},
	Date-Modified = {2015-10-07 16:54:57 +0000},
	Note = {http://arxiv.org/abs/1504.07618},
	Title = {Computing images of {G}alois representations attached to elliptic curves},
	Year = {2015}}

@unpublished{RouseZureickBrown15,
	Author = {Rouse, Jeremy and Zureick-Brown, David},
	Date-Added = {2015-10-07 16:54:54 +0000},
	Date-Modified = {2015-10-07 16:54:54 +0000},
	Note = {to appear in \textit{Research in Number Theory}},
	Title = {Elliptic curves over {$\mathbb{Q}$} and {$2$}-adic images of {G}alois},
	Year = {2015}}

@unpublished{Zywina15a,
	Author = {Zywina, David},
	Date-Added = {2015-10-07 16:54:22 +0000},
	Date-Modified = {2015-10-07 16:54:22 +0000},
	Title = {The inverse {G}alois problem for $\text{PSL}_2(\mathbb{F}_p)$},
	Year = {2015}}

@book{HidaHMF,
	Author = {Hida, Haruzo},
	Date-Added = {2015-08-17 18:35:16 +0000},
	Date-Modified = {2015-08-17 18:38:55 +0000},
	Keywords = {Hida},
	Publisher = {The Clarendon Press, Oxford University Press, Oxford},
	Series = {Oxford Mathematical Monographs},
	Title = {Hilbert modular forms and {I}wasawa theory},
	Year = {2006}}

@article{MazurRubin03,
	Author = {Mazur, Barry and Rubin, Karl},
	Date-Added = {2015-08-17 17:25:27 +0000},
	Date-Modified = {2015-08-17 17:26:52 +0000},
	Journal = {Doc. Math.},
	Keywords = {shadow line, elliptic curve},
	Number = {Extra Vol.},
	Pages = {585--607},
	Title = {Studying the growth of {M}ordell-{W}eil},
	Year = {2003}}

@unpublished{BCLMN15,
	Author = {Balakrishnan, Jennifer and \c{C}iperiani, Mirela and Lang, Jaclyn and Mirza, Bahare and Newton, Rachel},
	Date-Added = {2015-08-17 17:17:38 +0000},
	Date-Modified = {2015-08-17 17:35:18 +0000},
	Keywords = {elliptic curve, shadow line, class field theory, SAGE},
	Note = {to appear},
	Title = {Shadow lines in the arithmetic of elliptic curves},
	Year = {2015},
	Bdsk-File-1 = {YnBsaXN0MDDUAQIDBAUGJCVYJHZlcnNpb25YJG9iamVjdHNZJGFyY2hpdmVyVCR0b3ASAAGGoKgHCBMUFRYaIVUkbnVsbNMJCgsMDxJXTlMua2V5c1pOUy5vYmplY3RzViRjbGFzc6INDoACgAOiEBGABIAFgAdccmVsYXRpdmVQYXRoWWFsaWFzRGF0YV8QPy4uLy4uLy4uL1dJTjMgc2hhZG93IGxpbmVzL1Byb2NlZWRpbmdzIGFydGljbGUvd2luM19hcnRpY2xlLnBkZtIXCxgZV05TLmRhdGFPEQHkAAAAAAHkAAIAAAxNYWNpbnRvc2ggSEQAAAAAAAAAAAAAAAAAAADRCComSCsAAAAJovEQd2luM19hcnRpY2xlLnBkZgAAAAAAAAAAAAAAAAAAAAAAAAAAAAAAAAAAAAAAAAAAAAAAAAAAAAAAAAAAAAAAAAmlbtGtmqgAAAAAAAAAAAADAAMAAAkgAAAAAAAAAAAAAAAAAAAAE1Byb2NlZWRpbmdzIGFydGljbGUAABAACAAA0QiapgAAABEACAAA0a39GAAAAAEAFAAJovEACYNDAAmBkwAJP8IAApUVAAIAXU1hY2ludG9zaCBIRDpVc2VyczoASmFja2llOgBEcm9wYm94OgBXSU4zIHNoYWRvdyBsaW5lczoAUHJvY2VlZGluZ3MgYXJ0aWNsZToAd2luM19hcnRpY2xlLnBkZgAADgAiABAAdwBpAG4AMwBfAGEAcgB0AGkAYwBsAGUALgBwAGQAZgAPABoADABNAGEAYwBpAG4AdABvAHMAaAAgAEgARAASAEtVc2Vycy9KYWNraWUvRHJvcGJveC9XSU4zIHNoYWRvdyBsaW5lcy9Qcm9jZWVkaW5ncyBhcnRpY2xlL3dpbjNfYXJ0aWNsZS5wZGYAABMAAS8AABUAAgAN//8AAIAG0hscHR5aJGNsYXNzbmFtZVgkY2xhc3Nlc11OU011dGFibGVEYXRhox0fIFZOU0RhdGFYTlNPYmplY3TSGxwiI1xOU0RpY3Rpb25hcnmiIiBfEA9OU0tleWVkQXJjaGl2ZXLRJidUcm9vdIABAAgAEQAaACMALQAyADcAQABGAE0AVQBgAGcAagBsAG4AcQBzAHUAdwCEAI4A0ADVAN0CxQLHAswC1wLgAu4C8gL5AwIDBwMUAxcDKQMsAzEAAAAAAAACAQAAAAAAAAAoAAAAAAAAAAAAAAAAAAADMw==}}

@unpublished{Lang15,
	Author = {Lang, Jaclyn},
	Date-Added = {2015-08-17 17:13:16 +0000},
	Date-Modified = {2015-12-02 01:17:57 +0000},
	Keywords = {Hida family, image of Galois representation, p-adic Lie algebras},
	Note = {\url{http://www.math.ucla.edu/~jaclynlang/I_0_level_existence.pdf}, to appear in \textit{Algebra and Number Theory}},
	Title = {On the image of the {G}alois representation associated to a non-{CM} {H}ida family},
	Bdsk-File-1 = {YnBsaXN0MDDUAQIDBAUGJCVYJHZlcnNpb25YJG9iamVjdHNZJGFyY2hpdmVyVCR0b3ASAAGGoKgHCBMUFRYaIVUkbnVsbNMJCgsMDxJXTlMua2V5c1pOUy5vYmplY3RzViRjbGFzc6INDoACgAOiEBGABIAFgAdccmVsYXRpdmVQYXRoWWFsaWFzRGF0YV8QLi4uLy4uL0FOVCBCaWcgSW1hZ2UgcGFwZXIvYmlnaW1hZ2Vfb3V0bGluZS5wZGbSFwsYGVdOUy5kYXRhTxEB3AAAAAAB3AACAAAMTWFjaW50b3NoIEhEAAAAAAAAAAAAAAAAAAAA0QgqJkgrAAAAE5BAFGJpZ2ltYWdlX291dGxpbmUucGRmAAAAAAAAAAAAAAAAAAAAAAAAAAAAAAAAAAAAAAAAAAAAAAAAAAAAAAAAAAATkEXQiqv4AAAAAAAAAAAAAgACAAAJIAAAAAAAAAAAAAAAAAAAABNBTlQgQmlnIEltYWdlIHBhcGVyAAAQAAgAANEImqYAAAARAAgAANCLHHgAAAABABQAE5BAACasDgAJgZMACT/CAAKVFQACAFVNYWNpbnRvc2ggSEQ6VXNlcnM6AEphY2tpZToARHJvcGJveDoAVG9kYXk6AEFOVCBCaWcgSW1hZ2UgcGFwZXI6AGJpZ2ltYWdlX291dGxpbmUucGRmAAAOACoAFABiAGkAZwBpAG0AYQBnAGUAXwBvAHUAdABsAGkAbgBlAC4AcABkAGYADwAaAAwATQBhAGMAaQBuAHQAbwBzAGgAIABIAEQAEgBDVXNlcnMvSmFja2llL0Ryb3Bib3gvVG9kYXkvQU5UIEJpZyBJbWFnZSBwYXBlci9iaWdpbWFnZV9vdXRsaW5lLnBkZgAAEwABLwAAFQACAA3//wAAgAbSGxwdHlokY2xhc3NuYW1lWCRjbGFzc2VzXU5TTXV0YWJsZURhdGGjHR8gVk5TRGF0YVhOU09iamVjdNIbHCIjXE5TRGljdGlvbmFyeaIiIF8QD05TS2V5ZWRBcmNoaXZlctEmJ1Ryb290gAEACAARABoAIwAtADIANwBAAEYATQBVAGAAZwBqAGwAbgBxAHMAdQB3AIQAjgC/AMQAzAKsAq4CswK+AscC1QLZAuAC6QLuAvsC/gMQAxMDGAAAAAAAAAIBAAAAAAAAACgAAAAAAAAAAAAAAAAAAAMa}}

@article{Hida86a,
	Author = {Hida, Haruzo},
	Date-Added = {2015-08-17 17:03:33 +0000},
	Date-Modified = {2015-08-17 17:04:25 +0000},
	Journal = {Ann. Sci. \'Ecole Norm. Sup. (4)},
	Keywords = {Hida family},
	Number = {2},
	Pages = {231--273},
	Title = {Iwasawa modules attached to congruences of cusp forms},
	Volume = {19},
	Year = {1986},
	Bdsk-File-1 = {YnBsaXN0MDDUAQIDBAUGJCVYJHZlcnNpb25YJG9iamVjdHNZJGFyY2hpdmVyVCR0b3ASAAGGoKgHCBMUFRYaIVUkbnVsbNMJCgsMDxJXTlMua2V5c1pOUy5vYmplY3RzViRjbGFzc6INDoACgAOiEBGABIAFgAdccmVsYXRpdmVQYXRoWWFsaWFzRGF0YV8QHi4uLy4uLy4uLy4uLy5UcmFzaC9IaWRhODZhLnBkZtIXCxgZV05TLmRhdGFPEQFqAAAAAAFqAAIAAAxNYWNpbnRvc2ggSEQAAAAAAAAAAAAAAAAAAADRCComSCsAAAAqw0cLSGlkYTg2YS5wZGYAAAAAAAAAAAAAAAAAAAAAAAAAAAAAAAAAAAAAAAAAAAAAAAAAAAAAAAAAAAAAAAAAAAAAACuTWdH3Yj0AAAAAAAAAAAAEAAIAAAkgAAAAAAAAAAAAAAAAAAAABi5UcmFzaAAQAAgAANEImqYAAAARAAgAANH3xK0AAAABAAwAKsNHAAk/wgAClRUAAgAvTWFjaW50b3NoIEhEOlVzZXJzOgBKYWNraWU6AC5UcmFzaDoASGlkYTg2YS5wZGYAAA4AGAALAEgAaQBkAGEAOAA2AGEALgBwAGQAZgAPABoADABNAGEAYwBpAG4AdABvAHMAaAAgAEgARAASAB9Vc2Vycy9KYWNraWUvLlRyYXNoL0hpZGE4NmEucGRmAAATAAEvAAAVAAIADf//AACABtIbHB0eWiRjbGFzc25hbWVYJGNsYXNzZXNdTlNNdXRhYmxlRGF0YaMdHyBWTlNEYXRhWE5TT2JqZWN00hscIiNcTlNEaWN0aW9uYXJ5oiIgXxAPTlNLZXllZEFyY2hpdmVy0SYnVHJvb3SAAQAIABEAGgAjAC0AMgA3AEAARgBNAFUAYABnAGoAbABuAHEAcwB1AHcAhACOAK8AtAC8AioCLAIxAjwCRQJTAlcCXgJnAmwCeQJ8Ao4CkQKWAAAAAAAAAgEAAAAAAAAAKAAAAAAAAAAAAAAAAAAAApg=}}

@article{Hida86b,
	Author = {Hida, Haruzo},
	Date-Added = {2015-08-17 17:01:45 +0000},
	Date-Modified = {2015-08-17 17:02:53 +0000},
	Journal = {Invent. Math.},
	Keywords = {Hida family, Galois representation},
	Number = {3},
	Pages = {545--613},
	Title = {Galois representations into {${\rm GL}_2({\bf Z}_p[[X]])$} attached to ordinary cusp forms},
	Volume = {85},
	Year = {1986},
	Bdsk-File-1 = {YnBsaXN0MDDUAQIDBAUGJCVYJHZlcnNpb25YJG9iamVjdHNZJGFyY2hpdmVyVCR0b3ASAAGGoKgHCBMUFRYaIVUkbnVsbNMJCgsMDxJXTlMua2V5c1pOUy5vYmplY3RzViRjbGFzc6INDoACgAOiEBGABIAFgAdccmVsYXRpdmVQYXRoWWFsaWFzRGF0YV8QHi4uLy4uLy4uLy4uLy5UcmFzaC9IaWRhODZiLnBkZtIXCxgZV05TLmRhdGFPEQFqAAAAAAFqAAIAAAxNYWNpbnRvc2ggSEQAAAAAAAAAAAAAAAAAAADRCComSCsAAAAqw0cLSGlkYTg2Yi5wZGYAAAAAAAAAAAAAAAAAAAAAAAAAAAAAAAAAAAAAAAAAAAAAAAAAAAAAAAAAAAAAAAAAAAAAACuUt9H3YlkAAAAAAAAAAAAEAAIAAAkgAAAAAAAAAAAAAAAAAAAABi5UcmFzaAAQAAgAANEImqYAAAARAAgAANH3xMkAAAABAAwAKsNHAAk/wgAClRUAAgAvTWFjaW50b3NoIEhEOlVzZXJzOgBKYWNraWU6AC5UcmFzaDoASGlkYTg2Yi5wZGYAAA4AGAALAEgAaQBkAGEAOAA2AGIALgBwAGQAZgAPABoADABNAGEAYwBpAG4AdABvAHMAaAAgAEgARAASAB9Vc2Vycy9KYWNraWUvLlRyYXNoL0hpZGE4NmIucGRmAAATAAEvAAAVAAIADf//AACABtIbHB0eWiRjbGFzc25hbWVYJGNsYXNzZXNdTlNNdXRhYmxlRGF0YaMdHyBWTlNEYXRhWE5TT2JqZWN00hscIiNcTlNEaWN0aW9uYXJ5oiIgXxAPTlNLZXllZEFyY2hpdmVy0SYnVHJvb3SAAQAIABEAGgAjAC0AMgA3AEAARgBNAFUAYABnAGoAbABuAHEAcwB1AHcAhACOAK8AtAC8AioCLAIxAjwCRQJTAlcCXgJnAmwCeQJ8Ao4CkQKWAAAAAAAAAgEAAAAAAAAAKAAAAAAAAAAAAAAAAAAAApg=}}

@book{Serre68,
	Author = {Serre, Jean-Pierre},
	Date-Added = {2015-08-17 16:45:28 +0000},
	Date-Modified = {2015-08-17 16:47:23 +0000},
	Keywords = {image of Galois representation, elliptic curve,},
	Publisher = {W. A. Benjamin, Inc.},
	Title = {Abelian {$\ell$}-adic representations and elliptic curves},
	Year = {1968}}

@article{Ribet75,
	Author = {Ribet, Kenneth A.},
	Date-Added = {2015-08-11 00:54:22 +0000},
	Date-Modified = {2015-08-11 00:55:10 +0000},
	Journal = {Invent. Math.},
	Keywords = {modular form, image of Galois representation},
	Pages = {245--275},
	Title = {On {$l$}-adic representations attached to modular forms},
	Volume = {28},
	Year = {1975},
	Bdsk-File-1 = {YnBsaXN0MDDUAQIDBAUGJCVYJHZlcnNpb25YJG9iamVjdHNZJGFyY2hpdmVyVCR0b3ASAAGGoKgHCBMUFRYaIVUkbnVsbNMJCgsMDxJXTlMua2V5c1pOUy5vYmplY3RzViRjbGFzc6INDoACgAOiEBGABIAFgAdccmVsYXRpdmVQYXRoWWFsaWFzRGF0YV8QLi4uLy4uLy4uLy5UcmFzaC9hcnQlM0ExMC4xMDA3JTJGQkYwMTQyNTU2MS5wZGbSFwsYGVdOUy5kYXRhTxEBtAAAAAABtAACAAAMTWFjaW50b3NoIEhEAAAAAAAAAAAAAAAAAAAA0QgqJkgrAAAAG21KHmFydCUzQTEwLjEwMDclMkZCRjAxNDI1NTYxLnBkZgAAAAAAAAAAAAAAAAAAAAAAAAAAAAAAAAAAAAAAAAAAAAAol+nR7pYSAAAAAAAAAAAAAwACAAAJIAAAAAAAAAAAAAAAAAAAAAYuVHJhc2gAEAAIAADRCJqmAAAAEQAIAADR7viCAAAAAQAMABttSgAJP8IAApUVAAIAQk1hY2ludG9zaCBIRDpVc2VyczoASmFja2llOgAuVHJhc2g6AGFydCUzQTEwLjEwMDclMkZCRjAxNDI1NTYxLnBkZgAOAD4AHgBhAHIAdAAlADMAQQAxADAALgAxADAAMAA3ACUAMgBGAEIARgAwADEANAAyADUANQA2ADEALgBwAGQAZgAPABoADABNAGEAYwBpAG4AdABvAHMAaAAgAEgARAASADJVc2Vycy9KYWNraWUvLlRyYXNoL2FydCUzQTEwLjEwMDclMkZCRjAxNDI1NTYxLnBkZgATAAEvAAAVAAIADf//AACABtIbHB0eWiRjbGFzc25hbWVYJGNsYXNzZXNdTlNNdXRhYmxlRGF0YaMdHyBWTlNEYXRhWE5TT2JqZWN00hscIiNcTlNEaWN0aW9uYXJ5oiIgXxAPTlNLZXllZEFyY2hpdmVy0SYnVHJvb3SAAQAIABEAGgAjAC0AMgA3AEAARgBNAFUAYABnAGoAbABuAHEAcwB1AHcAhACOAL8AxADMAoQChgKLApYCnwKtArECuALBAsYC0wLWAugC6wLwAAAAAAAAAgEAAAAAAAAAKAAAAAAAAAAAAAAAAAAAAvI=}}

@article{Ribet80,
	Author = {Ribet, Kenneth A.},
	Date-Added = {2015-08-11 00:51:16 +0000},
	Date-Modified = {2015-08-11 00:53:33 +0000},
	Journal = {Math. Ann.},
	Keywords = {modular form, image of Galois representation},
	Number = {1},
	Pages = {43--62},
	Title = {Twists of modular forms and endomorphisms of abelian varieties},
	Volume = {253},
	Year = {1980},
	Bdsk-File-1 = {YnBsaXN0MDDUAQIDBAUGJCVYJHZlcnNpb25YJG9iamVjdHNZJGFyY2hpdmVyVCR0b3ASAAGGoKgHCBMUFRYaIVUkbnVsbNMJCgsMDxJXTlMua2V5c1pOUy5vYmplY3RzViRjbGFzc6INDoACgAOiEBGABIAFgAdccmVsYXRpdmVQYXRoWWFsaWFzRGF0YV8QGy4uLy4uLy4uLy5UcmFzaC9SaWJldDgwLnBkZtIXCxgZV05TLmRhdGFPEQFqAAAAAAFqAAIAAAxNYWNpbnRvc2ggSEQAAAAAAAAAAAAAAAAAAADRCComSCsAAAAbbUoLUmliZXQ4MC5wZGYAAAAAAAAAAAAAAAAAAAAAAAAAAAAAAAAAAAAAAAAAAAAAAAAAAAAAAAAAAAAAAAAAAAAAACiZLdHulloAAAAAAAAAAAADAAIAAAkgAAAAAAAAAAAAAAAAAAAABi5UcmFzaAAQAAgAANEImqYAAAARAAgAANHu+MoAAAABAAwAG21KAAk/wgAClRUAAgAvTWFjaW50b3NoIEhEOlVzZXJzOgBKYWNraWU6AC5UcmFzaDoAUmliZXQ4MC5wZGYAAA4AGAALAFIAaQBiAGUAdAA4ADAALgBwAGQAZgAPABoADABNAGEAYwBpAG4AdABvAHMAaAAgAEgARAASAB9Vc2Vycy9KYWNraWUvLlRyYXNoL1JpYmV0ODAucGRmAAATAAEvAAAVAAIADf//AACABtIbHB0eWiRjbGFzc25hbWVYJGNsYXNzZXNdTlNNdXRhYmxlRGF0YaMdHyBWTlNEYXRhWE5TT2JqZWN00hscIiNcTlNEaWN0aW9uYXJ5oiIgXxAPTlNLZXllZEFyY2hpdmVy0SYnVHJvb3SAAQAIABEAGgAjAC0AMgA3AEAARgBNAFUAYABnAGoAbABuAHEAcwB1AHcAhACOAKwAsQC5AicCKQIuAjkCQgJQAlQCWwJkAmkCdgJ5AosCjgKTAAAAAAAAAgEAAAAAAAAAKAAAAAAAAAAAAAAAAAAAApU=}}

@incollection{Ribet77,
	Author = {Ribet, Kenneth A.},
	Booktitle = {Modular functions of one variable, {V} ({P}roc. {S}econd {I}nternat. {C}onf., {U}niv. {B}onn, {B}onn, 1976)},
	Date-Added = {2015-08-11 00:47:22 +0000},
	Date-Modified = {2015-08-11 00:50:02 +0000},
	Keywords = {modular form, image of Galois representation},
	Pages = {17-51},
	Publisher = {Springer, Berlin},
	Series = {Lecture Notes in Math.},
	Title = {Galois representations attached to eigenforms with {N}ebentypus},
	Volume = {601},
	Year = {1977}}

@article{Pink93,
	Author = {Pink, Richard},
	Date-Added = {2015-08-11 00:44:31 +0000},
	Date-Modified = {2015-08-11 00:45:51 +0000},
	Journal = {Compos. Math.},
	Keywords = {p-adic Lie algebras, SL2},
	Number = {3},
	Pages = {251--264},
	Title = {Classification of pro-{$p$} subgroups of {${\rm SL}_2$} over a {$p$}-adic ring, where {$p$} is an odd prime},
	Volume = {88},
	Year = {1993},
	Bdsk-File-1 = {YnBsaXN0MDDUAQIDBAUGJCVYJHZlcnNpb25YJG9iamVjdHNZJGFyY2hpdmVyVCR0b3ASAAGGoKgHCBMUFRYaIVUkbnVsbNMJCgsMDxJXTlMua2V5c1pOUy5vYmplY3RzViRjbGFzc6INDoACgAOiEBGABIAFgAdccmVsYXRpdmVQYXRoWWFsaWFzRGF0YV8QGi4uLy4uLy4uLy5UcmFzaC9QaW5rOTMucGRm0hcLGBlXTlMuZGF0YU8RAWQAAAAAAWQAAgAADE1hY2ludG9zaCBIRAAAAAAAAAAAAAAAAAAAANEIKiZIKwAAABttSgpQaW5rOTMucGRmAAAAAAAAAAAAAAAAAAAAAAAAAAAAAAAAAAAAAAAAAAAAAAAAAAAAAAAAAAAAAAAAAAAAAAAAKJtH0e6WrgAAAAAAAAAAAAMAAgAACSAAAAAAAAAAAAAAAAAAAAAGLlRyYXNoABAACAAA0QiapgAAABEACAAA0e75HgAAAAEADAAbbUoACT/CAAKVFQACAC5NYWNpbnRvc2ggSEQ6VXNlcnM6AEphY2tpZToALlRyYXNoOgBQaW5rOTMucGRmAA4AFgAKAFAAaQBuAGsAOQAzAC4AcABkAGYADwAaAAwATQBhAGMAaQBuAHQAbwBzAGgAIABIAEQAEgAeVXNlcnMvSmFja2llLy5UcmFzaC9QaW5rOTMucGRmABMAAS8AABUAAgAN//8AAIAG0hscHR5aJGNsYXNzbmFtZVgkY2xhc3Nlc11OU011dGFibGVEYXRhox0fIFZOU0RhdGFYTlNPYmplY3TSGxwiI1xOU0RpY3Rpb25hcnmiIiBfEA9OU0tleWVkQXJjaGl2ZXLRJidUcm9vdIABAAgAEQAaACMALQAyADcAQABGAE0AVQBgAGcAagBsAG4AcQBzAHUAdwCEAI4AqwCwALgCIAIiAicCMgI7AkkCTQJUAl0CYgJvAnIChAKHAowAAAAAAAACAQAAAAAAAAAoAAAAAAAAAAAAAAAAAAACjg==}}

@article{Fischman02,
	Author = {Fischman, Ami},
	Date-Added = {2015-08-11 00:38:37 +0000},
	Date-Modified = {2015-08-11 00:40:20 +0000},
	Journal = {Ann. Inst. Fourier (Grenoble)},
	Keywords = {modular form, image of Galois representation, Hida family},
	Number = {2},
	Pages = {351--378},
	Title = {On the image of {$\Lambda$}-adic {G}alois representations},
	Volume = {52},
	Year = {2002},
	Bdsk-File-1 = {YnBsaXN0MDDUAQIDBAUGJCVYJHZlcnNpb25YJG9iamVjdHNZJGFyY2hpdmVyVCR0b3ASAAGGoKgHCBMUFRYaIVUkbnVsbNMJCgsMDxJXTlMua2V5c1pOUy5vYmplY3RzViRjbGFzc6INDoACgAOiEBGABIAFgAdccmVsYXRpdmVQYXRoWWFsaWFzRGF0YV8QHi4uLy4uLy4uLy5UcmFzaC9GaXNjaG1hbjAyLnBkZtIXCxgZV05TLmRhdGFPEQF0AAAAAAF0AAIAAAxNYWNpbnRvc2ggSEQAAAAAAAAAAAAAAAAAAADRCComSCsAAAAbbUoORmlzY2htYW4wMi5wZGYAAAAAAAAAAAAAAAAAAAAAAAAAAAAAAAAAAAAAAAAAAAAAAAAAAAAAAAAAAAAAAAAAACifjdHulzAAAAAAAAAAAAADAAIAAAkgAAAAAAAAAAAAAAAAAAAABi5UcmFzaAAQAAgAANEImqYAAAARAAgAANHu+aAAAAABAAwAG21KAAk/wgAClRUAAgAyTWFjaW50b3NoIEhEOlVzZXJzOgBKYWNraWU6AC5UcmFzaDoARmlzY2htYW4wMi5wZGYADgAeAA4ARgBpAHMAYwBoAG0AYQBuADAAMgAuAHAAZABmAA8AGgAMAE0AYQBjAGkAbgB0AG8AcwBoACAASABEABIAIlVzZXJzL0phY2tpZS8uVHJhc2gvRmlzY2htYW4wMi5wZGYAEwABLwAAFQACAA3//wAAgAbSGxwdHlokY2xhc3NuYW1lWCRjbGFzc2VzXU5TTXV0YWJsZURhdGGjHR8gVk5TRGF0YVhOU09iamVjdNIbHCIjXE5TRGljdGlvbmFyeaIiIF8QD05TS2V5ZWRBcmNoaXZlctEmJ1Ryb290gAEACAARABoAIwAtADIANwBAAEYATQBVAGAAZwBqAGwAbgBxAHMAdQB3AIQAjgCvALQAvAI0AjYCOwJGAk8CXQJhAmgCcQJ2AoMChgKYApsCoAAAAAAAAAIBAAAAAAAAACgAAAAAAAAAAAAAAAAAAAKi}}

@article{Hida15,
	Author = {Hida, Haruzo},
	Date-Added = {2015-08-11 00:37:25 +0000},
	Date-Modified = {2015-08-11 00:38:32 +0000},
	Journal = {Compos. Math.},
	Keywords = {modular form, image of Galois representation, Hida family},
	Number = {4},
	Pages = {603--664},
	Title = {Big {G}alois representations and {$p$}-adic {$L$}-functions},
	Volume = {151},
	Year = {2015},
	Bdsk-File-1 = {YnBsaXN0MDDUAQIDBAUGJCVYJHZlcnNpb25YJG9iamVjdHNZJGFyY2hpdmVyVCR0b3ASAAGGoKgHCBMUFRYaIVUkbnVsbNMJCgsMDxJXTlMua2V5c1pOUy5vYmplY3RzViRjbGFzc6INDoACgAOiEBGABIAFgAdccmVsYXRpdmVQYXRoWWFsaWFzRGF0YV8QGi4uLy4uLy4uLy5UcmFzaC9IaWRhMTUucGRm0hcLGBlXTlMuZGF0YU8RAWQAAAAAAWQAAgAADE1hY2ludG9zaCBIRAAAAAAAAAAAAAAAAAAAANEIKiZIKwAAABttSgpIaWRhMTUucGRmAAAAAAAAAAAAAAAAAAAAAAAAAAAAAAAAAAAAAAAAAAAAAAAAAAAAAAAAAAAAAAAAAAAAAAAAKJ450e6W7wAAAAAAAAAAAAMAAgAACSAAAAAAAAAAAAAAAAAAAAAGLlRyYXNoABAACAAA0QiapgAAABEACAAA0e75XwAAAAEADAAbbUoACT/CAAKVFQACAC5NYWNpbnRvc2ggSEQ6VXNlcnM6AEphY2tpZToALlRyYXNoOgBIaWRhMTUucGRmAA4AFgAKAEgAaQBkAGEAMQA1AC4AcABkAGYADwAaAAwATQBhAGMAaQBuAHQAbwBzAGgAIABIAEQAEgAeVXNlcnMvSmFja2llLy5UcmFzaC9IaWRhMTUucGRmABMAAS8AABUAAgAN//8AAIAG0hscHR5aJGNsYXNzbmFtZVgkY2xhc3Nlc11OU011dGFibGVEYXRhox0fIFZOU0RhdGFYTlNPYmplY3TSGxwiI1xOU0RpY3Rpb25hcnmiIiBfEA9OU0tleWVkQXJjaGl2ZXLRJidUcm9vdIABAAgAEQAaACMALQAyADcAQABGAE0AVQBgAGcAagBsAG4AcQBzAHUAdwCEAI4AqwCwALgCIAIiAicCMgI7AkkCTQJUAl0CYgJvAnIChAKHAowAAAAAAAACAQAAAAAAAAAoAAAAAAAAAAAAAAAAAAACjg==}}

@article{Momose81,
	Author = {Momose, Fumiyuki},
	Date-Added = {2015-08-11 00:35:12 +0000},
	Date-Modified = {2015-08-11 00:36:42 +0000},
	Journal = {J. Fac. Sci. Univ. Tokyo Sect. IA Math.},
	Keywords = {modular form, image of Galois representation},
	Number = {1},
	Pages = {89--109},
	Title = {On the {$l$}-adic representations attached to modular forms},
	Volume = {28},
	Year = {1981}}

@article{Ribet83,
	Author = {Ribet, Kenneth A.},
	Date-Added = {2015-08-11 00:29:52 +0000},
	Date-Modified = {2015-08-11 00:32:55 +0000},
	Journal = {Glasgow Math. J.},
	Keywords = {modular form, image of Galois representation,},
	Pages = {185--194},
	Title = {On {$l$}-adic representations attached to modular forms. {II}},
	Volume = {27},
	Year = {1985},
	Bdsk-File-1 = {YnBsaXN0MDDUAQIDBAUGJCVYJHZlcnNpb25YJG9iamVjdHNZJGFyY2hpdmVyVCR0b3ASAAGGoKgHCBMUFRYaIVUkbnVsbNMJCgsMDxJXTlMua2V5c1pOUy5vYmplY3RzViRjbGFzc6INDoACgAOiEBGABIAFgAdccmVsYXRpdmVQYXRoWWFsaWFzRGF0YV8QGy4uLy4uLy4uLy5UcmFzaC9SaWJldDgzLnBkZtIXCxgZV05TLmRhdGFPEQFqAAAAAAFqAAIAAAxNYWNpbnRvc2ggSEQAAAAAAAAAAAAAAAAAAADRCComSCsAAAAbbUoLUmliZXQ4My5wZGYAAAAAAAAAAAAAAAAAAAAAAAAAAAAAAAAAAAAAAAAAAAAAAAAAAAAAAAAAAAAAAAAAAAAAACiI/dHukKkAAAAAAAAAAAADAAIAAAkgAAAAAAAAAAAAAAAAAAAABi5UcmFzaAAQAAgAANEImqYAAAARAAgAANHu8xkAAAABAAwAG21KAAk/wgAClRUAAgAvTWFjaW50b3NoIEhEOlVzZXJzOgBKYWNraWU6AC5UcmFzaDoAUmliZXQ4My5wZGYAAA4AGAALAFIAaQBiAGUAdAA4ADMALgBwAGQAZgAPABoADABNAGEAYwBpAG4AdABvAHMAaAAgAEgARAASAB9Vc2Vycy9KYWNraWUvLlRyYXNoL1JpYmV0ODMucGRmAAATAAEvAAAVAAIADf//AACABtIbHB0eWiRjbGFzc25hbWVYJGNsYXNzZXNdTlNNdXRhYmxlRGF0YaMdHyBWTlNEYXRhWE5TT2JqZWN00hscIiNcTlNEaWN0aW9uYXJ5oiIgXxAPTlNLZXllZEFyY2hpdmVy0SYnVHJvb3SAAQAIABEAGgAjAC0AMgA3AEAARgBNAFUAYABnAGoAbABuAHEAcwB1AHcAhACOAKwAsQC5AicCKQIuAjkCQgJQAlQCWwJkAmkCdgJ5AosCjgKTAAAAAAAAAgEAAAAAAAAAKAAAAAAAAAAAAAAAAAAAApU=}}
